@misc{vonneumann1945report,
  title={First Draft of a Report on the EDVAC},
  author={von Neumann, John},
  year={1945},
  note={Internal report}
}

@article{burks1946preliminary,
  title={Preliminary Discussion of the Logical Design of an Electronic Computing Instrument},
  author={Burks, Arthur W and Goldstine, Herman H and von Neumann, John},
  journal={Technical report},
  year={1946},
  publisher={Institute for Advanced Study, Princeton}
}

@misc{top500,
  title={TOP500 Supercomputer Sites},
  howpublished={\url{https://top500.org/}},
  year={2024}
}

@article{watts1998collective,
  title={Collective dynamics of 'small-world' networks},
  author={Watts, Duncan J and Strogatz, Steven H},
  journal={Nature},
  volume={393},
  number={6684},
  pages={440--442},
  year={1998},
  publisher={Nature Publishing Group}
}

@article{dennis1980data,
  title={Data flow supercomputers},
  author={Dennis, Jack B},
  journal={Computer},
  volume={13},
  number={11},
  pages={48--56},
  year={1980},
  publisher={IEEE}
}

@article{asanovic2009view,
  title={A view of the parallel computing landscape},
  author={Asanovi{\'c}, Krste and Bodik, Rastislav and Catanzaro, Bryan Christopher and Gebis, Joseph James and Husbands, Parry and Keutzer, Kurt and Patterson, David A and Plishker, William L and Shalf, John and Williams, Samuel W and others},
  journal={Communications of the ACM},
  volume={52},
  number={10},
  pages={56--67},
  year={2009},
  publisher={ACM New York, NY, USA}
}

@article{topcuoglu2002performance,
  title={Performance-effective and low-complexity task scheduling for heterogeneous computing},
  author={Topcuoglu, Haluk and Hariri, Salim and Wu, Min-you},
  journal={IEEE Transactions on Parallel and Distributed Systems},
  volume={13},
  number={3},
  pages={260--274},
  year={2002},
  publisher={IEEE}
}

@article{adam1974taxonomy,
  title={A taxonomy for computer architectures},
  author={Adam, Terrence L and Chandy, K Mani and Dickson, John R},
  journal={Computer},
  volume={21},
  number={4},
  pages={40--47},
  year={1988},
  publisher={IEEE}
}

@article{backus1978can,
  title={Can programming be liberated from the von Neumann style?: A functional style and its algebra of programs},
  author={Backus, John},
  journal={Communications of the ACM},
  volume={21},
  number={8},
  pages={613--641},
  year={1978},
  publisher={ACM New York, NY, USA}
}

@article{hennessy2011computer,
  title={Computer architecture: a quantitative approach},
  author={Hennessy, John L and Patterson, David A},
  journal={Elsevier},
  year={2011}
}

@article{kogge2011exascale,
  title={Exascale computing study: Technology challenges in achieving exascale systems},
  author={Kogge, Peter and Bergman, Keren and Borkar, Shekhar and Campbell, Dan and Carlson, William and Dally, William and Denneau, Monty and Franzon, Paul and Harrod, William and Hill, Kerry and others},
  journal={Defense Advanced Research Projects Agency Information Processing Techniques Office (DARPA IPTO), Tech. Rep},
  year={2008}
}

@article{murray2018dark,
  title={Dark silicon and the end of multicore scaling},
  author={Murray, Dale and Sarma, Saptarsi and Cristal, Adri{\'a}n and Unsal, Osman S and Valero, Mateo},
  journal={IEEE Computer Architecture Letters},
  volume={17},
  number={2},
  pages={14--17},
  year={2018},
  publisher={IEEE}
}
