% Kotoba: A Unified Graph Processing System - References

@article{kotoba2025,
  title={Kotoba: A Unified Graph Processing System with Process Network Architecture and Declarative Programming},
  author={Kawasaki, Jun},
  journal={arXiv preprint},
  year={2025},
  note={Submitted to arXiv},
  doi={}, % DOI will be added after arXiv submission
}

@article{ehrig1973,
  title={Graph grammars with application conditions},
  author={Ehrig, Hartmut and Pfender, Michael and Schneider, Hans-J{\"o}rg},
  journal={International Workshop on Graph-Grammars and Their Application to Computer Science},
  pages={21--39},
  year={1973},
  publisher={Springer}
}

@article{kahn1974,
  title={The semantics of a simple language for parallel programming},
  author={Kahn, Gilles},
  journal={Information processing},
  pages={471--475},
  year={1974}
}

@inproceedings{jsonnet,
  title={Jsonnet: A data templating language},
  author={Google},
  booktitle={Jsonnet Language Specification},
  year={2021},
  url={https://jsonnet.org/}
}

@article{merkle_dag,
  title={A digital signature based on a conventional encryption function},
  author={Merkle, Ralph C},
  journal={Advances in Cryptology---CRYPTO'87},
  pages={369--378},
  year={1987},
  publisher={Springer}
}

@article{iso_gql,
  title={ISO/IEC 39075: Information technology---Database languages---GQL},
  author={ISO/IEC},
  journal={International Organization for Standardization},
  year={2021}
}

@inproceedings{neo4j,
  title={Neo4j: A highly scalable native graph database},
  author={Holzschuher, Florian and Peinl, Ren{\'e}},
  booktitle={BTW},
  pages={1--4},
  year={2013}
}

@inproceedings{tigergraph,
  title={TigerGraph: A native MPP graph database},
  author={Averbuch, Alon and Krause, Eyal and Peretz, Yotam and Weinberg, Ziv},
  booktitle={arXiv preprint arXiv:1901.08248},
  year={2019}
}

@inproceedings{giraph,
  title={Apache Giraph: Large-scale graph processing infrastructure on Hadoop},
  author={Ching, Avery and Edunov, Sergey and Kabiljo, Maja and Logothetis, Dionysios and Muthukrishnan, Sambavi},
  booktitle={Proceedings of the Hadoop Summit},
  year={2015}
}

@inproceedings{graphx,
  title={GraphX: Graph processing in a distributed dataflow framework},
  author={Gonzalez, Joseph E and Xin, Reynold S and Dave, Ankur and Crankshaw, Daniel and Franklin, Michael J and Stoica, Ion},
  booktitle={11th USENIX Symposium on Operating Systems Design and Implementation (OSDI 14)},
  pages={599--613},
  year={2014}
}

@inproceedings{gp2,
  title={GP 2: Efficient implementation of a graph programming language},
  author={Plump, Detlef and Bak, Chris},
  booktitle={International Conference on Graph Transformation},
  pages={35--51},
  year={2011},
  organization={Springer}
}

@inproceedings{gp2_design,
  title={The design of GP 2},
  author={Plump, Detlef},
  booktitle={International Workshop on Graph Computation Models},
  pages={1--16},
  year={2009},
  organization={Springer}
}

@article{gp2_overview,
  title={The GP 2 compiler},
  author={Plump, Detlef},
  journal={International Journal of Software Tools for Technology Transfer},
  volume={21},
  number={1},
  pages={53--69},
  year={2019},
  publisher={Springer}
}

@inproceedings{groove,
  title={The GROOVE simulator: A tool for state space generation},
  author={Ghamarian, Amir Hossein and de Mol, Michel and Rensink, Arend and Zambon, Eduardo and Zimakova, Maria},
  booktitle={International Conference on Applications and Theory of Petri Nets and Concurrency},
  pages={479--485},
  year={2012},
  organization={Springer}
}

@article{agg,
  title={AGG: A tool environment for algebraic graph transformation},
  author={Taentzer, Gabriele},
  journal={International Workshop on Applications of Graph Transformations with Industrial Relevance},
  pages={481--488},
  year={2003},
  publisher={Springer}
}

@inproceedings{porgy,
  title={PORGY: Strategy driven interactive transformation of graphs},
  author={Hovestadt, Marius and Jablonski, Stefan and L{\"o}we, Michael and Rhein, Christoph},
  booktitle={International Conference on Graph Transformation},
  pages={224--238},
  year={2011},
  organization={Springer}
}

@article{datalog,
  title={Datalog and recursive query processing},
  author={Ceri, Stefano and Gottlob, Georg and Tanca, Letizia},
  journal={Foundations of deductive databases and logic programming},
  pages={31--135},
  year={1989},
  publisher={Morgan Kaufmann}
}

@article{prolog,
  title={Programming in Prolog},
  author={Clocksin, William F and Mellish, Christopher S},
  journal={Springer Science \& Business Media},
  year={2003}
}

@inproceedings{rocksdb,
  title={RocksDB: A persistent key-value store for fast storage environments},
  author={Dong, Siying and Callanan, Mark and Galanis, Leon and Borthakur, Dhruba and Savor, Tianyi and Strauss, Zephyr and Zheng, Kai and He, Biren and Kolodner, Howard and Lloyd, Tucker},
  booktitle={Proceedings of the 8th ACM International Systems and Storage Conference},
  pages={1--11},
  year={2015}
}

@article{lsm_tree,
  title={The log-structured merge-tree (LSM-tree)},
  author={O'Neil, Patrick and Cheng, Edward and Gawlick, Dieter and O'Neil, Elizabeth},
  journal={Acta Informatica},
  volume={33},
  number={4},
  pages={351--385},
  year={1996},
  publisher={Springer}
}

@article{mvcc,
  title={Concurrency control and recovery in database systems},
  author={Bernstein, Philip A and Hadzilacos, Vassos and Goodman, Nathan},
  journal={Addison-Wesley},
  year={1987}
}

@inproceedings{ipfs,
  title={IPFS-content addressed, versioned, P2P file system},
  author={Benet, Juan},
  booktitle={arXiv preprint arXiv:1407.3561},
  year={2014}
}

@inproceedings{temporal,
  title={Temporal: A microservice orchestration platform},
  author={Temporal Technologies},
  booktitle={Temporal Documentation},
  year={2021},
  url={https://temporal.io/}
}

@inproceedings{jwt,
  title={JSON Web Token (JWT)},
  author={Jones, Michael and Bradley, John and Sakimura, Nat},
  booktitle={RFC 7519},
  year={2015}
}

@inproceedings{oauth2,
  title={The OAuth 2.0 authorization framework},
  author={Hardt, Dick},
  booktitle={RFC 6749},
  year={2012}
}

@inproceedings{ldbc_snb,
  title={The LDBC social network benchmark},
  author={Erling, Orri and Averbuch, Alex and Larriba-Pey, Josep and Chafi, Hassan and Gubichev, Andrey and Prat-Perez, Arnau and Pham, Minh-Duc and Boncz, Peter},
  booktitle={International Workshop on Graph Data Management Experiences and Systems},
  pages={1--4},
  year={2015},
  organization={ACM}
}

@inproceedings{webassembly,
  title={Bringing the web up to speed with WebAssembly},
  author={Haas, Andreas and Rossberg, Andreas and Schuff, Derek L and Titzer, Ben L and Holman, Michael and Gohman, Dan and Wagner, Luke and Zakai, Alon and Bastien, JF},
  booktitle={Proceedings of the 38th ACM SIGPLAN Conference on Programming Language Design and Implementation},
  pages={185--200},
  year={2017}
}

@inproceedings{kubernetes,
  title={Kubernetes: {P}roduction-{G}rade {C}ontainer {O}rchestration},
  author={Burns, Brendan and Grant, Brian and Oppenheimer, David and Brewer, Eric and Wilkes, John},
  booktitle={ACM Symposium on Cloud Computing},
  year={2016}
}

@article{graph_neural_networks,
  title={A comprehensive survey on graph neural networks},
  author={Wu, Zonghan and Pan, Shirui and Chen, Fengwen and Long, Guodong and Zhang, Chengqi and Philip, S Yu},
  journal={IEEE Transactions on Neural Networks and Learning Systems},
  year={2020}
}

@inproceedings{reinforcement_learning,
  title={Reinforcement learning: An introduction},
  author={Sutton, Richard S and Barto, Andrew G},
  booktitle={MIT press},
  year={2018}
}

@inproceedings{nlp_gql,
  title={Natural language to SQL: Improving semantic parsing via syntactic querying},
  author={Xu, Xiaojun and Liu, Chang and Song, Dawn},
  booktitle={Proceedings of the 2017 Conference on Empirical Methods in Natural Language Processing},
  pages={1330--1336},
  year={2017}
}

@article{anomaly_detection,
  title={Anomaly detection: A survey},
  author={Chandola, Varun and Banerjee, Arindam and Kumar, Vipin},
  journal={ACM computing surveys (CSUR)},
  volume={41},
  number={3},
  pages={1--58},
  year={2009},
  publisher={ACM}
}
